%% This BibTeX bibliography file was created using BibDesk.
%% http://bibdesk.sourceforge.net/

%% Created for Fabricio Simeoni de Sousa 

%% Saved with string encoding Unicode (UTF-8) 


@inproceedings{Silva:2014,
	Author = {Lino M. Silva and Aurelio R. L. Oliveira},
	Booktitle = {Proceeding Series of the Brazilian Society of Computational and Applied Mathematics},
	Pages = {1-7},
	Publisher = {SBMAC},
	Title = {Melhoria do desempenho da fatora{\c c}{\~a}o controlada de {C}holesky no precondicionamento de sistemas lineares oriundos dos m{\'e}todos de pontos interiores},
	Volume = {3},
	Year = {2015}}

@phdthesis{Linhares:1968,
	Address = {S{\~a}o Carlos, SP},
	Author = {Odelar L. Linhares},
	School = {EESC, Universidade de S\~ao Paulo},
	Title = {Sobre a racionaliza{\c c}{\~a}o de dois algoritmos num{\'e}ricos},
	Year = {1968}}

@inproceedings{Jones:1986,
	Address = {Berlin},
	Author = {W. B. Jones and O. Nj{\aa}stad and W. J. Thron},
	Booktitle = {Analythic Theory of Continued Fractions II},
	Editor = {W. J. Thron},
	Pages = {127-158},
	Publisher = {Springer Verlag},
	Title = {Schur fractions, {P}erron {C}arath\'eodory fractions and {S}zeg\"{o} polynomials, a survey},
	Volume = {1199},
	Year = {1986}}

@inproceedings{Gautschi:1981,
	Address = {Basel},
	Author = {W. Gautschi},
	Booktitle = {E. B. Christofel: The influence of his work in mathematics and physics series},
	Editor = {P. L. Butzer and F. Feher },
	Pages = {72-147},
	Publisher = {Birkh\"auser Verlag},
	Title = {A survey of Gauss-Christoffel quadrature formulae},
	Year = {1981}}

@article{Courant:1943,
	Author = {R. Courant},
	Journal = {Bull Amer Math Soc},
	Pages = {1-23},
	Title = {Variational methods for the solution of problems of equilibrium and vibrations},
	Volume = {49},
	Year = {1943}}

@book{Chihara:1978,
	Address = {New York},
	Author = {T. S. Chihara},
	Publisher = {Gordon and Breach},
	Series = {Mathematics and its Applications Series},
	Title = {An introduction to orthogonal polynomials},
	Year = {1978}}

@book{Leveque:1998,
	Author = {Randall J. Leveque},
	Publisher = {Cambridge},
	Title = {Finite volume methods for hyperbolic problems},
	Year = {1998}}

@article{Ausas:2010,
	Author = {Ausas, Roberto F and Sousa, Fabricio Simeoni and Buscaglia, Gustavo C},
	Journal = {Comput Methods Appl Mech Engrg},
	Number = {17-20},
	Pages = {1019-1031},
	Title = {{An improved finite element space for discontinuous pressures}},
	Volume = {199},
	Year = {2010}}

@article{Cordeiro:2013,
	Author = {Cordeiro, Douglas Farias and Sousa, Fabricio Simeoni and Castelo, Antonio and N{\'o}brega, Jo{\~a}o Miguel},
	Journal = {TEMA - Tend\^encias em Matem\'atica Aplicada e Computacional},
	Number = {3},
	Pages = {347-358},
	Title = {{Uma t\'ecnica de corre\c c\~ao de interface para o m\'etodo ISPH}},
	Volume = {14},
	Year = {2013}}
