@incollection{beasley,
  author      = "John E. Beasley",
  title       = "Lagrangean Relaxation",
  editor      = "Colin R. Reeves",
  booktitle   = "Modern Heuristic Techniques for Combinatorial Problems",
  publisher   = "John Wiley \& Sons",
  address     = "605 Third Ave. New York, NY, United States",
  year        = 1993,
  pages       = "243-303",
  chapter     = 6,
}